%% This BibTeX bibliography file was created using BibDesk.
%% http://bibdesk.sourceforge.net/

%% Saved with string encoding Unicode (UTF-8) 



@book{ibge2024,
	Author = {IBGE},
	Date-Added = {2024-12-04 10:00:00 +0000},
	Date-Modified = {2024-12-04 15:17:00 +0000},
	Edition = {2},
	Organization = {https://agenciadenoticias.ibge.gov.br/agencia-noticias/2012-agencia-de-noticias/noticias/42043-em-2023-pobreza-no-pais-cai-ao-menor-nivel-desde-2012},
	Title = {Em 2023, pobreza no país cai ao menor nível desde 2012},
	Urlaccessdate = {31 mar 2025},
	Year = {2024}}

@article{hurtado2020importancia,
  title={A import{\^a}ncia da educa{\c{c}}{\~a}o financeira na educa{\c{c}}{\~a}o de jovens e adultos},
  author={Hurtado, Antonio Paulo Guillen and Freitas, Carlos Cesar Garcia},
  journal={Revista de Educa{\c{c}}{\~a}o Popular},
  volume={19},
  number={3},
  pages={56--76},
  year={2020}
}

@article{pires2008planejamento,
  title={Planejamento Financeiro pessoal para estudantes universit{\'a}rios que est{\~a}o ingressando no mercado de trabalho},
  author={PIRES, BF},
  year={2008}
}

@article{araujo2014historia,
  title={A hist{\'o}ria n{\~a}o contada da Educa{\c{c}}{\~a}o Financeira no Brasil},
  author={Araujo, Fernando Cosenza and Calife, Flavio Estevez},
  journal={ROQUE, JRR Otimiza{\c{c}}{\~a}o na recupera{\c{c}}{\~a}o de ativos financeiros},
  pages={1--11},
  year={2014}
}
@article{cunha2020mercado,
  title={O mercado financeiro chega {\`a} sala de aula: educa{\c{c}}{\~a}o financeira como pol{\'\i}tica p{\'u}blica no Brasil},
  author={Cunha, M{\'a}rcia Pereira},
  journal={Educa{\c{c}}{\~a}o \& Sociedade},
  volume={41},
  pages={e218463},
  year={2020},
  publisher={SciELO Brasil}
}
@article{cordeiro2019uso,
  title={O uso de hist{\'o}rias em quadrinhos para o ensino de Educa{\c{c}}{\~a}o Financeira no ciclo de alfabetiza{\c{c}}{\~a}o},
  author={Cordeiro, Nilton Jos{\'e} Neves and Maia, Madeline Gurgel Barreto and Silva, Carina Brunehilde Pinto},
  journal={TANGRAM-Revista de Educa{\c{c}}{\~a}o Matem{\'a}tica},
  volume={2},
  number={1},
  pages={03--20},
  year={2019}
}
